<record><leader>00000cas a2200000 a 4500</leader><controlfield tag="001">38558816</controlfield><controlfield tag="008">980306d19061929sdudn ne      0   a0eng c</controlfield><datafield ind1=" " ind2=" " tag="010"><subfield code="a">sn 98069004 </subfield></datafield><datafield ind1=" " ind2=" " tag="040"><subfield code="a">SXN</subfield><subfield code="b">eng</subfield><subfield code="c">SXN</subfield><subfield code="d">DLC</subfield><subfield code="d">NVF</subfield><subfield code="d">OCLCQ</subfield><subfield code="d">OCLCF</subfield><subfield code="d">OCLCO</subfield></datafield><datafield ind1="1" ind2=" " tag="029"><subfield code="a">AU@</subfield><subfield code="b">000013798269</subfield></datafield><datafield ind1=" " ind2=" " tag="042"><subfield code="a">pcc</subfield></datafield><datafield ind1=" " ind2=" " tag="043"><subfield code="a">n-us-sd</subfield></datafield><datafield ind1="0" ind2="4" tag="245"><subfield code="a">The Daily Deadwood pioneer-times.</subfield></datafield><datafield ind1=" " ind2=" " tag="260"><subfield code="a">Deadwood, S.D., Black Hills :</subfield><subfield code="b">W.H. Bonham,</subfield><subfield code="c">1906-1929.</subfield></datafield><datafield ind1=" " ind2=" " tag="300"><subfield code="a">v.</subfield></datafield><datafield ind1=" " ind2=" " tag="310"><subfield code="a">Daily (except Monday)</subfield></datafield><datafield ind1="0" ind2=" " tag="362"><subfield code="a">30th year (June 7, 1906)-</subfield></datafield><datafield ind1="1" ind2=" " tag="362"><subfield code="a">Ceased Mar. 19, 1929.</subfield></datafield><datafield ind1=" " ind2=" " tag="530"><subfield code="a">Available on microfilm from: State Archives, South Dakota State Historical Society.</subfield></datafield><datafield ind1=" " ind2=" " tag="580"><subfield code="a">Weekly eds.: Weekly pioneer times mining review, &lt;1912-1914&gt;; and: Weekly pioneer-times (Deadwood, S.D. : 1919), 1919-1929.</subfield></datafield><datafield ind1=" " ind2="0" tag="650"><subfield code="a">Gold mines and mining</subfield><subfield code="z">Black Hills (S.D. and Wyo.)</subfield><subfield code="v">Newspapers.</subfield></datafield><datafield ind1=" " ind2="0" tag="651"><subfield code="a">Deadwood (S.D.)</subfield><subfield code="v">Newspapers.</subfield></datafield><datafield ind1=" " ind2="0" tag="651"><subfield code="a">Lead (S.D.)</subfield><subfield code="v">Newspapers.</subfield></datafield><datafield ind1=" " ind2="0" tag="651"><subfield code="a">Lawrence County (S.D.)</subfield><subfield code="v">Newspapers.</subfield></datafield><datafield ind1=" " ind2="7" tag="655"><subfield code="a">Newspapers.</subfield><subfield code="2">fast</subfield><subfield code="0">(OCoLC)fst01423814</subfield></datafield><datafield ind1=" " ind2="7" tag="650"><subfield code="a">Gold mines and mining.</subfield><subfield code="2">fast</subfield><subfield code="0">(OCoLC)fst00944469</subfield></datafield><datafield ind1=" " ind2="7" tag="651"><subfield code="a">South Dakota</subfield><subfield code="z">Deadwood.</subfield><subfield code="2">fast</subfield><subfield code="0">(OCoLC)fst01209401</subfield></datafield><datafield ind1=" " ind2="7" tag="651"><subfield code="a">South Dakota</subfield><subfield code="z">Lawrence County.</subfield><subfield code="2">fast</subfield><subfield code="0">(OCoLC)fst01209432</subfield></datafield><datafield ind1=" " ind2="7" tag="651"><subfield code="a">South Dakota</subfield><subfield code="z">Lead.</subfield><subfield code="2">fast</subfield><subfield code="0">(OCoLC)fst01220327</subfield></datafield><datafield ind1=" " ind2="7" tag="651"><subfield code="a">United States</subfield><subfield code="z">Black Hills.</subfield><subfield code="2">fast</subfield><subfield code="0">(OCoLC)fst01310332</subfield></datafield><datafield ind1=" " ind2=" " tag="752"><subfield code="a">United States</subfield><subfield code="b">South Dakota</subfield><subfield code="c">Lawrence</subfield><subfield code="d">Deadwood.</subfield></datafield><datafield ind1="1" ind2=" " tag="775"><subfield code="t">Weekly pioneer times mining review</subfield><subfield code="w">(DLC)sn 98069010</subfield><subfield code="w">(OCoLC)38840861</subfield></datafield><datafield ind1="1" ind2=" " tag="775"><subfield code="t">Weekly pioneer-times (Deadwood, S.D. : 1919)</subfield><subfield code="w">(DLC)sn 98069011</subfield><subfield code="w">(OCoLC)38889691</subfield></datafield><datafield ind1="0" ind2="0" tag="780"><subfield code="t">Deadwood pioneer-times (Deadwood, S.D. : 1906)</subfield><subfield code="w">(DLC)sn 98069001</subfield><subfield code="w">(OCoLC)38158345</subfield></datafield><datafield ind1="0" ind2="0" tag="785"><subfield code="t">Deadwood pioneer-times (Deadwood, S.D. : 1929)</subfield><subfield code="w">(DLC)sn 90068086</subfield><subfield code="w">(OCoLC)23347551</subfield></datafield></record>